@INPROCEEDINGS{active_learning,
    author = {Brinker K},
    title = {Incorporating diversity in active learning with support vector machines},
    booktitle = {In Proceedings of the 20th International Conference on Machine Learning},
    year = {2003},
    pages = {59--66},
    publisher = {AAAI Press}
}

@article{dbsi_server,
	author = {Sukamar S and Zhu X and Ericksen SS and Mitchell JC},
	title = {{DBSI} Server: {DNA} binding site identifier},
	journal = {Bioinformatics},
	year = {2016}
}

@article{dbsi,
	author = {Zhu X and Ericksen E. and Mitchell JC},
	title = {{DBSI}: {DNA}-binding site identifier},
	journal = {Nucleic Acids Research},
	year = {2013}
}

@article{svm, 
	author = {Scholkopf B and Smola AJ},
	title = {Learning with kernels: Support vector machines, regularization, optimization, and beyond},
	year = {2002},
	publisher = {Cambridge, MA: MIT Press}
}

@article{version_space,
	author = {Mitchel TM},
	title = {Generalization as search},
	year = {1982},
	journal = {Artifical Intelligence},
	volume = {18},
	pages = {203--226}
}

